<record><leader>00000cas a22000007a 4500</leader><controlfield tag="001">20511101</controlfield><controlfield tag="008">891019d186u186ugauwn ne      0    0eng d</controlfield><datafield ind1=" " ind2=" " tag="010"><subfield code="a">sn 89053822 </subfield></datafield><datafield ind1=" " ind2=" " tag="040"><subfield code="a">NLG</subfield><subfield code="b">eng</subfield><subfield code="c">NLG</subfield><subfield code="d">OCLCQ</subfield></datafield><datafield ind1=" " ind2=" " tag="042"><subfield code="a">msc</subfield></datafield><datafield ind1="0" ind2="4" tag="245"><subfield code="a">The Banner and Baptist.</subfield></datafield><datafield ind1=" " ind2=" " tag="260"><subfield code="a">Atlanta, Ga. :</subfield><subfield code="b">H.C. Hornady</subfield></datafield><datafield ind1=" " ind2=" " tag="300"><subfield code="a">v.</subfield></datafield><datafield ind1=" " ind2=" " tag="310"><subfield code="a">Weekly (50 nos. per annum)</subfield></datafield><datafield ind1=" " ind2=" " tag="500"><subfield code="a">Editors: H.C. Hornady and Jesse M. Wood.</subfield></datafield><datafield ind1=" " ind2=" " tag="588"><subfield code="a">Description based on: Vol. 3, no. 25 (May 10, 1862).</subfield></datafield><datafield ind1=" " ind2=" " tag="752"><subfield code="a">United States</subfield><subfield code="b">Georgia</subfield><subfield code="c">Fulton</subfield><subfield code="d">Atlanta.</subfield></datafield><datafield ind1="0" ind2="0" tag="780"><subfield code="t">Landmark banner &amp; Cherokee Baptist</subfield><subfield code="w">(DLC)sn 89053821</subfield><subfield code="w">(OCoLC)20511021</subfield></datafield><datafield ind1="0" ind2="0" tag="785"><subfield code="t">Baptist banner (Atlanta, Ga.)</subfield><subfield code="w">(DLC)sn 89053823</subfield></datafield><datafield ind1="1" ind2=" " tag="029"><subfield code="a">AU@</subfield><subfield code="b">000025903875</subfield></datafield></record>